@inproceedings{saito2016s,
  title={Whatâ€™s So Different about Blockchain? -- Blockchain is a Probabilistic State Machine},
  author={Saito, Kenji and Yamada, Hiroyuki},
  booktitle={Distributed Computing Systems Workshops (ICDCSW), 2016 IEEE 36th International Conference on},
  pages={168--175},
  year={2016},
  organization={IEEE}
}

@online{iana2018tls,
  author={{Internet Assigned Numbers Authority}},
  title={{Transport Layer Security (TLS) Parameters}},
  url={https://www.iana.org/assignments/tls-parameters/tls-parameters.xhtml},
  urldate={2018-05-08}
}

@online{quorum2018web,
  author={{JPMorgan Chase \& Co}},
  title={{Quorum}},
  url={https://www.jpmorgan.com/Quorum},
  urldate={2018-06-07}
}

@online{ethereum2018web,
  author={{Stiftung Ethereum}},
  title={{Ethereum}},
  url={https://www.ethereum.org},
  urldate={2018-06-07}
}

@online{ethwhisper2018wiki,
  author={Loki Verloen and James Ray and others},
  title={{Whisper}},
  url={https://github.com/ethereum/wiki/wiki/Whisper},
  urldate={2018-06-07}
}

@online{mysql2018web,
  author={{Oracle Corporation}},
  title={{MySQL}},
  url={https://www.mysql.com},
  urldate={2018-06-07}
}

@online{zeromq2018web,
  author={{iMatrix Corporation}},
  title={{{\O}MQ---Distributed Messaging}},
  url={http://zeromq.org},
  urldate={2018-06-07}
}

@online{web3js2018web,
  author={Marek Kotewicz and Fabian Vogelsteller and Tran Diep Hue Man and others},
  title={{Ethereum Quorum JavaScript API}},
  url={https://github.com/tdhman/web3.js},
  urldate={2018-06-07}
}

@article{wood2014ethereum,
  title={Ethereum: A secure decentralised generalised transaction ledger},
  author={Wood, Gavin},
  journal={Ethereum Project Yellow Paper},
  volume={151},
  year={2014}
}

@misc{nakamoto2008bitcoin,
  title={Bitcoin: A peer-to-peer electronic cash system},
  author={Nakamoto, Satoshi},
  year={2008}
}

@article{broder2004network,
  title={Network applications of bloom filters: A survey},
  author={Broder, Andrei and Mitzenmacher, Michael},
  journal={Internet mathematics},
  volume={1},
  number={4},
  pages={485--509},
  year={2004},
  publisher={Taylor \& Francis},
  doi={10.1080/15427951.2004.10129096},
  url={https://doi.org/10.1080/15427951.2004.10129096}
}
